@TechReport{KoetheWurbs2017lagb,
  Title                    = {Kurzdokumentation zur Aufbereitung des Laser-DGM und Berechnung geomorphometrischer Reliefparameter f{\"u}r das Land Sachsen-Anhalt},
  Author                   = {K{\"o}the, R. and Wurbs, D.},
  Institution              = {scilands GmbH und geoflix GbR im Auftrag des Landesamtes f{\"u}r Geologie und Rohstoffe Sachsen-Anhalt},
  Year                     = {2017},
  Address                  = {G{\"o}ttingen/Halle (Saale)},
	url											 = {http://probosa.de/?q=node/16}
}

@article{Moeller-etal2017catena,
    author = {M{\"{o}}ller, Markus and Gerstmann, Henning and Gao, Feng and Dahms, Thorsten C. and F{\"{o}}rster, Michael},
    citeulike-article-id = {14271496},
    citeulike-linkout-0 = {http://dx.doi.org/http://dx.doi.org/10.1016/j.catena.2016.11.016},
    citeulike-linkout-1 = {\#},
    doi = {http://dx.doi.org/10.1016/j.catena.2016.11.016},
    journal = {CATENA},
    keywords = {erosion, fvc, impactfactor, phenology, soil, soil-erosion},
    pages = {192--205},
    posted-at = {2017-02-04 23:29:20},
    priority = {2},
    title = {Coupling of phenological information and simulated vegetation index time series: {L}imitations and potentials for the assessment and monitoring of soil erosion risk},
    url = {//www.sciencedirect.com/science/article/pii/S0341816216304696},
    volume = {150},
    year = {2017}
}

@Article{Inan-etal2010jem,
  Title                    = {Data model for the collaboration between land administration systems and agricultural land parcel identification systems},
  Author                   = {Inan, H.I. and Sagris, V. and Devos, W. and Milenov, P. and van Oosterom, P. and Zevenbergen, J.},
  Journal                  = {Journal of Environmental Management},
  Year                     = {2010},
  Number                   = {12},
  Pages                    = {2440-2454},
  Volume                   = {91}
}

@Article{Montaghi-etal2013rsl,
  Title                    = {Accuracy assessment measures for image segmentation goodness of the Land Parcel Identification System ({LPIS}) in {D}enmark},
  Author                   = {A. Montaghi and R. Larsen and M.H. Greve},
  Journal                  = {Remote Sensing Letters},
  Year                     = {2013},
  Number                   = {10},
  Pages                    = {946-955},
  Volume                   = {4}
}

@article{BuekerDitz2008pfg,
    author = {Cordt B\"{u}ker and Peter Ditz},
    journal = {Photogrammetrie -- Fernerkundung -- Geoinformation},
    pages = {421--432},
    title = {Fernerkundungskontrolle von {E}urop\"{a}ischen {A}grarbeihilfen f\"{u}r {A}cker- und {F}utteranbaufl\"{a}chen},
    volume = {5/2008},
    year = {2008}}


@article{Moeller-etal2012catena,
    abstract = {The motivation for this article results from the fact that conceptual soil maps show oftentimes inaccuracies with regard to soil unit boundaries or misfits between original paper and actual soil-related information. Using the example of a German conceptual soil map ({CSM}), we introduce a procedure which could be considered as a framework for testing the terrain-related plausibility applied within a genetic based soil-ordering system. Framework means that all tests and the underlying methods can be adapted to specific targets. The procedure enables both reproducible integration of expert knowledge and application of statistically sound methods. The {CSM} of the German Federal State of {Saxony-Anhalt} was tested regarding the plausibility of colluvial and fluvial process domains. The plausibility test consists of four steps and was exemplified on a study area of 100 km2. First, basic relief parameters were combined to the explaining relief parameters Floodplain Index ({FPI}) and Mass Balance Index ({MBI}) enabling a classification of process domains by relative descriptions. Second, relief parameters and aggregated {CSM} soil units were integrated to soil-terrain objects ({STO}) executing a region-growing segmentation algorithm. In the third step, the one-dimensional {MBI} or {FPI} feature space of {STO} entities were clustered by using the K-means algorithm. The fourth step comprises the expert-based selection of reference clusters ({RC}) representing colluvial and fluvial process domains accepted as being true. Then, empirical cumulative distribution functions ({ECDF}) of {RC} and remaining soil unit-related {STO} clusters were compared by a traditional goodness-of-fit test whose suitability for estimation of terrain-related {CSM} plausibility is shown. Finally, the resulting {ECDF} distances were visualized. The testing procedure could also be used for the supervised selection of appropriate samples for automatic classification algorithms. The data integration approach is generally suitable for adopting existing data in computer-based systems.},
    author = {M\"{o}ller, Markus and Koschitzki, Thomas and Hartmann, Klaus-J\"{o}rg and Jahn, Reinhold},
    citeulike-article-id = {9893837},
    citeulike-linkout-0 = {http://www.sciencedirect.com/science/article/pii/S0341816211001597},
    citeulike-linkout-1 = {http://dx.doi.org/10.1016/j.catena.2011.08.002},
    citeulike-linkout-2 = {http://dx.doi.org/10.1016/j.catena.2011.08.002},
    doi = {10.1016/j.catena.2011.08.002},
    issn = {03418162},
    journal = {CATENA},
    keywords = {comparing, digital, distributions, impactfactor, mapping, plausibility, soil},
    month = jan,
    number = {1},
    pages = {57--67},
    posted-at = {2011-10-12 12:50:30},
    priority = {2},
    title = {Plausibility test of conceptual soil maps using relief parameters},
    url = {http://www.sciencedirect.com/science/article/pii/S0341816211001597},
    volume = {88},
    year = {2012}
}

@Article{Volk-etal2010lup,
  Title                    = {A pragmatic approach for soil erosion risk assessment within policy hierarchies},
  Author                   = {Volk, Martin and M\"{o}ller, Markus and Wurbs, Daniel},
  Journal                  = {Land Use Policy},
  Year                     = {2010},
  Number                   = {4},
  Pages                    = {997-1009},
  Volume                   = {27},
    keywords = {cv}
}

@article{Moeller-etal2008jpnss,
     author = {M\"{o}ller, Markus and Volk, Martin and Friedrich, Klaus and Lymburner, Leo},
    journal = {Journal of Plant Nutrition and Soil Science},
    number = {3},
    pages = {419--430},
    title = {Placing soil-genesis and transport processes into a landscape context: A multiscale terrain-analysis approach},
    volume = {171},
    year = {2008}
}

@article{MoellerVolk2015geoderma,
    author = {M\"{o}ller, Markus and Volk, Martin},
    journal = {Geoderma},
    pages = {151--160},
    posted-at = {2015-10-10 21:54:39},
    priority = {2},
    title = {Effective map scales for soil transport processes and related process domains - Statistical and spatial characterization of their scale-specific inaccuracies},
    volume = {247-248},
    year = {2015}
}
@Book{HelbigMoellerSchmidt2010,
  Title                    = {Bodenerosion durch Wasser in Sachsen-Anhalt},
  Author                   = {Helbig, Henrik and M\"{o}ller, Markus and Schmidt, Gerd},
  Editor                   = {Bundesverband Boden},
  Publisher                = {Erich Schmidt Verlag, ISBN 978-3-503-12498-5},
  Year                     = {2010},
  Address                  = {Berlin},
  Series                   = {BVB-Materialien},
  Volume                   = {15},
  keywords = {cv}
}

@inproceedings{Steininger-etal2010bvb,
    address = {Halle (Saale)},
    author = {Michael Steininger and Henrik Helbig and  Klaus-J\"{o}rg Hartmann and  Markus M{\"o}ller und Daniel Wurbs},
    booktitle = {Bodenerosion durch Wasser in Sachsen-Anhalt},
     editor = {Helbig, Henrik and M{\"o}ller, Markus and Schmidt, Gerd},
    organization = {Bundesverband Boden},
    pages = {59--69},
    series = {BVB-Materialien, Bd 15},
    title = {Prognose der Erosionsgef{\"a}hrdung auf der Basis von Relief, Boden, Klima und Bewirtschaftung},
    year = {2010}
}

@Book{DIN19706,
  Title                    = {Bodenbeschaffenheit -- Ermittlung der Erosionsgefährdung von B{\"o}den durch Wind mit Hilfe der ABAG},
  Author                   = {{DIN 19706}},
  Editor                   = {Normenausschuss Wasserwesen (NAW) im Deutschen Institut für Normung},
  Publisher                = {Beuth Verlag},
  Year                     = {2005},
  Address                  = {Berlin}
  }

@article{Deumlich-etal2006catena,
    author = {Deumlich, Detlef and Kiesel, J. and Thiere, J. and Reuter, H. I. and V\"{o}lker, L. and Funk, R.},
    journal = {CATENA},
    keywords = {abag, erosion, germany, sicom, soil-erosion, usle, wind},
    note = {Soil Erosion Research in Europe},
    number = {2--3},
    pages = {141--152},
    title = {Application of the {SIte} {COmparison} Method (SICOM) to assess the potential erosion risk -- {A} basis for the evaluation of spatial equivalence of agri-environmental measures},
    volume = {68},
    year = {2006}
}
  
@BOOK{
SchmidtDiemann1974,
  author =       {Schmidt, R and Diemann, R.},
  title =        {Richtlinie f{\"u}r die Mittelma{\ss}st"abige Landwirtschaftliche Standortkartierung},
  publisher =    {Akad. Landw. Wiss. der DDR, Inst. f. Bodenkunde},
  year =         {1974},
  address =      {Eberswalde},
}

@BOOK{
SchmidtDiemann1981,
  author =       {Schmidt, R and Diemann, R.},
  title =        {Erl"auterung zur Mittelma{\ss}st"abigen Landwirtschaftlichen Standortkartierung},
  publisher =    {Akad. Landw. Wiss. der DDR, Forschungszentrum f{\"u}r Bodenfruchtbarkeit, Bereich Bodenkunde/Fernerkundung},
  year =         {1981},
  address =      {Eberswalde},
}

 @Manual{R2018,
    title = {R: A Language and Environment for Statistical Computing},
    author = {{R Core Team}},
    organization = {R Foundation for Statistical Computing},
    address = {Vienna, Austria},
    year = {2018},
    url = {https://www.R-project.org/},
  }
  
 @article{Conrad-etal2015gmd,
    author = {Conrad, O. and Bechtel, B. and Bock, M. and Dietrich, H. and Fischer, E. and Gerlitz, L. and Wehberg, J. and Wichmann, V. and B\"{o}hner, J.},
    journal = {Geoscientific Model Development},
    number = {7},
    pages = {1991--2007},
    title = {System for Automated Geoscientific Analyses ({SAGA}) v. 2.1.4},
    volume = {8},
    year = {2015}}
 